@misc{juliussen2014emerging,
  title={Emerging Technologies: Autonomous Cars--Not if, but when},
  author={Juliussen, E and Carlson, J},
  year={2014},
  publisher={IHS Automotive, Colorado, USA}
}

@article{Daziano2017,
author = {Daziano, Ricardo A. and Sarrias, Mauricio and Leard, Benjamin},
doi = {10.1016/j.trc.2017.03.003},
issn = {0968090X},
journal = {Transportation Research Part C: Emerging Technologies},
mendeley-groups = {DeepPiCar2017},
month = {may},
pages = {150--164},
title = {{Are consumers willing to pay to let cars drive for them? Analyzing response to autonomous vehicles}},
url = {http://linkinghub.elsevier.com/retrieve/pii/S0968090X17300682},
volume = {78},
year = {2017}
}


@techreport{shin2017project,
  title={Project based, Collaborative, Algorithmic Robotics for High School Students: Programming Self Driving Race Cars at MIT},
  author={Shin, Robert and Karaman, Sertac and Ander, Ariel and Boulet, Michael T and Connor, Jane and Gregson, Kenneth L and Guerra, Winter and Guldner, Owen R and Mubarik, Mohamound and Plancher, Brian and others},
  year={2017},
  institution={MIT Lincoln Laboratory Lexington United States}
}
	
@article{Bojarski2016,
archivePrefix = {arXiv},
arxivId = {1604.07316},
author = {Bojarski, Mariusz and {Del Testa}, Davide and Dworakowski, Daniel and Firner, Bernhard and Flepp, Beat and Goyal, Prasoon and Jackel, Lawrence D. and Monfort, Mathew and Muller, Urs and Zhang, Jiakai and Zhang, Xin and Zhao, Jake and Zieba, Karol},
eprint = {1604.07316},
file = {:home/heechul/.local/share/data/Mendeley Ltd./Mendeley Desktop/Downloaded/Bojarski et al. - 2016 - End to End Learning for Self-Driving Cars(2).pdf:pdf},
journal = {arXiv:1604},
mendeley-groups = {DeepPiCar2017},
pages = {1--9},
title = {{End to End Learning for Self-Driving Cars}},
url = {http://arxiv.org/abs/1604.07316},
year = {2016}
}

@inproceedings{abadi2016tensorflow,
  title={TensorFlow: A System for Large-Scale Machine Learning.},
  author={Abadi, Mart{\'\i}n and Barham, Paul and Chen, Jianmin and Chen, Zhifeng and Davis, Andy and Dean, Jeffrey and Devin, Matthieu and Ghemawat, Sanjay and Irving, Geoffrey and Isard, Michael and others},
  booktitle={OSDI},
  volume={16},
  pages={265--283},
  year={2016}
}

@inproceedings{collobert2011torch7,
  title={Torch7: A matlab-like environment for machine learning},
  author={Collobert, Ronan and Kavukcuoglu, Koray and Farabet, Cl{\'e}ment},
  booktitle={BigLearn, NIPS Workshop},
  number={EPFL-CONF-192376},
  year={2011}
}

@misc{drivepx,
  title={The AI Car Computer for Autonomous Driving},
  author={NVIDIA},
  howpublished = {\url{http://www.nvidia.com/object/drive-px.html}}
}

@misc{upennf1tenth,
  title={F1/10 Autonomous Racing Competition},
  howpublished = {\url{http://f1tenth.org}}
}

@inproceedings{Otterness2017,
author = {Otterness, Nathan and Yang, Ming and Rust, Sarah and Park, Eunbyung and Anderson, James H. and Smith, F. Donelson and Berg, Alex and Wang, Shige},
booktitle = {2017 IEEE Real-Time and Embedded Technology and Applications Symposium (RTAS)},
doi = {10.1109/RTAS.2017.3},
isbn = {978-1-5090-5269-1},
mendeley-groups = {DeepPiCar2017},
month = {apr},
pages = {353--364},
publisher = {IEEE},
title = {{An Evaluation of the NVIDIA TX1 for Supporting Real-Time Computer-Vision Workloads}},
url = {http://ieeexplore.ieee.org/document/7939053/},
year = {2017}
}
